@article{einstein1905,
	title        = {On the Electrodynamics of Moving Bodies},
	author       = {Albert Einstein},
	year         = 1905,
	journal      = {Annalen der Physik},
	publisher    = {Wiley-VCH},
	volume       = 17,
	number       = 10,
	pages        = {891--921}
}
@atricle{samiullah_fastapi_tutorial,
	title        = {Ultimate FastAPI Tutorial Pt.7: SQLAlchemy Database Setup},
	author       = {Samiullah, Chris},
	year         = 2022,
	note         = {Accessed: 2024-05-09},
	howpublished = {\url{https://christophergs.com/tutorials/ultimate-fastapi-tutorial-pt-7-sqlalchemy-database-setup/}}
}

